1924 3190
1165 226 1226 274 15

165 344 323 391 mento
353 339 474 390 salis
508 340 746 401 herculeo,
773 341 861 391 via)
882 340 1077 402 capellis
1099 340 1224 389 Fau-

163 437 281 488 stuli
318 435 506 488 abunde
535 436 791 502 frondium
827 452 933 487 esse
968 452 1222 488 consueve-

162 539 244 585 rat
266 574 278 596 ,
323 533 424 609 illio
486 547 652 584 arcem
697 534 913 586 omnium
973 541 1223 586 terrarum

163 630 362 693 struxit,
390 644 448 681 ao
470 640 751 693 supremum
774 633 1056 683 mortalibus
1084 632 1222 696 prin-

160 727 389 790 cipatum.
438 726 490 777 Is
540 741 659 792 erqo
705 742 816 779 oum
865 730 1012 780 Remo
1061 731 1224 794 fratre

162 823 333 887 simul,
372 823 508 875 Rhea
554 823 731 888 Silvia,
769 839 891 889 quae
935 831 980 877 el
1019 826 1112 877 Ilia
1157 827 1224 877 di-

160 926 263 982 ota,
298 925 454 972 matre
489 921 622 972 haud
652 921 817 984 dubia,
854 923 1008 974 Marte
1037 930 1221 983 autem,

164 1004 250 1067 seu
279 1016 390 1080 ficto
426 1022 572 1080 patre
616 1031 703 1068 seu
752 1020 936 1070 credito
953 1062 964 1081 ,
1003 1021 1221 1085 qenitus,

161 1112 247 1164 ubi
262 1113 481 1176 primum
503 1113 628 1164 lucis
660 1113 808 1164 limen
839 1116 1024 1180 attiqil,
1053 1117 1225 1167 nonin

162 1213 370 1261 matrem
412 1210 588 1271 solum,
616 1211 704 1260 sod
726 1211 778 1261 in
800 1225 852 1260 se
893 1227 952 1262 ao
980 1213 1126 1263 etiam
1170 1214 1223 1263 in

157 1307 371 1370 fratrom
415 1308 671 1358 saevitiam
709 1306 898 1359 Amulii
939 1309 1224 1360 albanorum

164 1402 304 1466 roais
337 1408 570 1466 expertus
605 1409 689 1454 est.
724 1402 767 1454 A
803 1417 894 1466 quo
931 1405 983 1455 in
1012 1405 1223 1455 Tiberim

163 1498 327 1563 merqi
354 1499 513 1563 Jussi,
548 1513 666 1550 casu
710 1501 914 1562 quodam
953 1514 1063 1562 seu,
1099 1503 1226 1564 quod

165 1595 224 1645 de
245 1600 375 1646 lanto
393 1595 565 1660 futuro
589 1595 793 1658 imperio
825 1598 961 1647 credi
985 1596 1119 1658 lieet,
1151 1600 1221 1649 di-

162 1692 279 1742 vina
305 1691 615 1755 providentia
650 1692 845 1744 liberati
879 1701 996 1744 sunt
1025 1694 1221 1745 immen-

162 1787 240 1837 sis
259 1786 404 1838 rebus
437 1787 686 1850 insperata
707 1789 986 1851 primordia
1014 1803 1220 1853 praepa-

163 1889 320 1934 rante.
355 1882 681 1948 Superqresso
719 1887 853 1949 forte
887 1888 1025 1950 ripas
1058 1901 1222 1949 amne,

163 1979 578 2044 inaccessibilique
605 1982 762 2044 alveo,
788 1984 1124 2048 staqnamibus
1151 1998 1221 2034 se-

162 2090 248 2127 cus
281 2077 444 2141 ripam
465 2078 602 2130 vadis
625 2078 798 2143 abjecti
810 2122 821 2142 ,
844 2080 1126 2132 abeuntibus
1149 2096 1223 2131 re-
