1924 3190
1200 194 1265 243 45

201 326 336 364 mum
367 312 533 377 fuisse
567 311 733 362 nullus
754 316 923 375 neam,
950 316 1048 359 tam
1071 309 1271 361 dubium

201 415 395 473 tamque
441 410 676 461 occultum
718 421 824 457 esse
860 408 1102 470 potuisse!
1143 404 1265 469 Opi-

204 507 378 559 niones
422 507 503 557 rei
546 506 729 558 variae.
771 503 941 568 Aliqui
982 506 1047 555 ad
1088 505 1269 555 coelum

199 609 396 669 raphim
442 605 643 654 deorum
687 603 887 654 concilio
933 602 1150 653 adscribi
1190 617 1266 652 vo-

201 701 326 764 lunt,·
372 714 583 766 maanus
627 701 782 751 saltus
826 700 1012 750 homini
1053 704 1240 750 armato
1257 741 1269 762 ‚

200 805 249 850 et
273 797 487 862 peccatis
503 811 705 862 presso,
739 803 788 849 et
806 798 1049 863 sanquine
1073 798 1270 859 lubrico,

203 900 253 947 el
294 896 405 947 veri
443 896 542 947 Dei
583 894 892 958 coelestisque
937 895 1045 946 viae
1079 895 1241 945 nescio
1257 916 1271 954 ,-

203 987 290 1044 sed
320 992 446 1045 nihil
478 998 552 1044 est
582 993 710 1057 quod
739 1006 837 1043 non
883 992 976 1043 sibi
1018 992 1271 1043 vehemens

202 1096 250 1142 et
281 1089 569 1141 immodicus
602 1103 743 1140 amor
759 1089 941 1154 finqat!
976 1089 1272 1152 Tempestate

199 1187 363 1253 ¹igitur
396 1187 577 1251 sopita,
599 1200 710 1236 cum
742 1202 774 1237 a
790 1184 1040 1250 patribus,
1066 1187 1151 1249 qui
1174 1201 1272 1236 una

200 1284 506 1350 circumfusi
533 1289 818 1345 steterant,
861 1284 1037 1347 populo
1090 1284 1281 1334 visendi

201 1381 347 1433 avido
383 1387 430 1432 et
459 1395 628 1446 reqem
661 1394 807 1431 suum
849 1381 1070 1432 certatim
1118 1381 1277 1443 requi·

211 1479 346 1530 renti
374 1491 664 1542 responsum
699 1485 824 1529 esset
855 1477 1033 1528 abiisse
1056 1478 1192 1528 illum
1217 1478 1282 1527 ad

206 1589 440 1640 superos,
491 1575 815 1639 adstipulante
857 1589 953 1625 uno
990 1581 1127 1638 teste,
1174 1591 1274 1626 cre-

151 1661 154 1664 ’
206 1672 376 1724 ditum.
405 1671 454 1722 Ιι,
466 1672 562 1724 lius
587 1673 831 1724 Proculus
854 1672 897 1723 is
920 1673 1023 1738 fuit
1043 1674 1065 1734 (
1074 1673 1276 1738 insiqni,

210 1775 444 1832 quantum
470 1769 682 1835 intelliqi
701 1770 848 1821 datia·
871 1771 1004 1838 apud
1022 1783 1136 1820 suos
1166 1783 1276 1820 san-

215 1869 396 1921 ctitatis
439 1871 577 1934 fama
621 1875 694 1931 et,
730 1872 858 1932 quod
896 1875 1107 1931 constat,
1153 1871 1282 1920 nobi-

211 1966 346 2018 litate
380 1966 578 2032 yeneris
598 1969 883 2031 praeclara,
905 1973 963 2019 ut
983 1968 1068 2031 qui
1092 1968 1280 2019 albanis

217 2047 355 2115 ortus
389 2078 415 2114 8
447 2064 645 2130 reqibus
692 2065 986 2129 Romamque
1032 2079 1142 2115 cum
1189 2066 1280 2116 Ro-

215 2161 346 2213 mulo
371 2162 702 2227 commiqrans
718 2151 955 2228 fundator
981 2163 1137 2214 Iuliae
1163 2177 1277 2227 qen-

211 2258 276 2308 tis
306 2257 435 2322 suit)
452 2278 468 2320 ,·
516 2258 624 2321 qui,
666 2260 871 2323 prodire
915 2274 1067 2332 ausus
1105 2259 1156 2309 in
1186 2273 1280 2323 pu—

213 2354 415 2419 blicum,
451 2361 659 2406 moestae
681 2357 985 2407 multitudini
1017 2358 1193 2407 laetum
1214 2364 1279 2407 at-
